<?xml version="1.0" encoding="UTF-8"?><record xmlns="http://www.loc.gov/MARC21/slim" xmlns:cinclude="http://apache.org/cocoon/include/1.0" xmlns:zs="http://www.loc.gov/zing/srw/">
  <leader>00719cz  a2200169n  4500</leader>
  <controlfield tag="001">nb2006023366</controlfield>
  <controlfield tag="003">DLC</controlfield>
  <controlfield tag="005">20130323085026.0</controlfield>
  <controlfield tag="008">061024n| azannaabn          |a ana      </controlfield>
  <datafield tag="010" ind1=" " ind2=" ">
    <subfield code="a">nb2006023366</subfield>
  </datafield>
  <datafield tag="035" ind1=" " ind2=" ">
    <subfield code="a">(Uk)006627955</subfield>
  </datafield>
  <datafield tag="040" ind1=" " ind2=" ">
    <subfield code="a">Uk</subfield>
    <subfield code="b">eng</subfield>
    <subfield code="e">rda</subfield>
    <subfield code="c">Uk</subfield>
    <subfield code="d">Uk</subfield>
    <subfield code="d">DLC</subfield>
  </datafield>
  <datafield tag="110" ind1="1" ind2=" ">
    <subfield code="a">Great Britain.</subfield>
    <subfield code="b">Scottish Office.</subfield>
    <subfield code="b">National Roads Directorate</subfield>
  </datafield>
  <datafield tag="410" ind1="1" ind2=" ">
    <subfield code="a">Great Britain.</subfield>
    <subfield code="b">Scottish Office.</subfield>
    <subfield code="b">Development Department.</subfield>
    <subfield code="b">National Roads Directorate</subfield>
  </datafield>
  <datafield tag="510" ind1="1" ind2=" ">
    <subfield code="w">r</subfield>
    <subfield code="i">Hierarchical superior:</subfield>
    <subfield code="a">Great Britain.</subfield>
    <subfield code="b">Scottish Office.</subfield>
    <subfield code="b">Development Department</subfield>
  </datafield>
  <datafield tag="670" ind1=" " ind2=" ">
    <subfield code="a">Reinforced earth bridge abutement at M8 motorway, 1999:</subfield>
  </datafield>
  <datafield tag="670" ind1=" " ind2=" ">
    <subfield code="a">Nat. Lib. Scotland, 31 May 2001</subfield>
    <subfield code="b">(National Roads Directorate, Scottish Office Development Department)</subfield>
  </datafield>
</record>